@article {johnjane2010,
    author    = {Doe, John A. and Doe, Jane B.},
    title     = {Article Title},
    volume    = {64},
    number    = {4},
    pages     = {3--22},
    year      = {2010},
    publisher = {Publisher Name},
    issn      = {0000-000X},
    journal   = {Journal Title}
}

@inproceedings{delacruzsantos2011,
    author     = {dela Cruz, Juan D. and Santos, Maria K.},
    title      = {Entry Title},
    booktitle  = {Proceeding Title},
    eventtitle = {Event Title},
    year       = 2011,
    editor     = {Editor Names},
    publisher  = {Publisher Name}
}

@book{johnjane2012,
    author    = {Doe, John A. and Doe, Jane M.},
    title     = {Book Title},
    year      = 2012,
    publisher = {Publisher Name}
}

@online{examplecom,
    title   = {This is an example},
    date    = {2013-01-01},
    url     = {https://example.com},
    urldate = {2019-01-01}
}

